<?xml version="1.0" encoding="UTF-8"?>
<collection xmlns:xsi="http://www.w3.org/2001/XMLSchema-instance" xsi:schemaLocation="http://www.loc.gov/MARC21/slim http://www.loc.gov/standards/marcxml/schema/MARC21slim.xsd" xmlns="http://www.loc.gov/MARC21/slim">
<record>
  <leader>01072cam a22002651  4500</leader>
  <controlfield tag="001">3122228</controlfield>
  <controlfield tag="003">NNC</controlfield>
  <controlfield tag="005">20040712115223.0</controlfield>
  <controlfield tag="008">941206m18701872ua            000 0dara d</controlfield>
  <datafield tag="035" ind1=" " ind2=" ">
    <subfield code="a">(OCoLC)ocm31618357</subfield>
  </datafield>
  <datafield tag="035" ind1=" " ind2=" ">
    <subfield code="9">ATV4495CU</subfield>
  </datafield>
  <datafield tag="035" ind1=" " ind2=" ">
    <subfield code="a">(NNC)3122228</subfield>
  </datafield>
  <datafield tag="040" ind1=" " ind2=" ">
    <subfield code="a">RBN</subfield>
    <subfield code="c">RBN</subfield>
    <subfield code="d">ZCU</subfield>
  </datafield>
  <datafield tag="099" ind1=" " ind2=" ">
    <subfield code="a">893.718</subfield>
    <subfield code="a">Ab92</subfield>
  </datafield>
  <datafield tag="100" ind1="1" ind2=" ">
    <subfield code="a">Abū Shāmah, ʻAbd al-Raḥmān ibn Ismāʻīl,</subfield>
    <subfield code="d">1203-1267.</subfield>
  </datafield>
  <datafield tag="240" ind1="1" ind2="0">
    <subfield code="a">Rawḍatayn fī akhbār al-dawlatayn</subfield>
  </datafield>
  <datafield tag="245" ind1="1" ind2="0">
    <subfield code="a">Kitāb al-rawḍatayn fī akhbār al-dawlatayn ...</subfield>
  </datafield>
  <datafield tag="260" ind1=" " ind2=" ">
    <subfield code="a">Cairo,</subfield>
    <subfield code="c">1287-88. [1870 or 71-1871 or 72]</subfield>
  </datafield>
  <datafield tag="300" ind1=" " ind2=" ">
    <subfield code="a">2 v. in 1.</subfield>
    <subfield code="c">26 cm.</subfield>
  </datafield>
  <datafield tag="500" ind1=" " ind2=" ">
    <subfield code="a">A history of the reigns of sultans Nūr al-Dīn and Ṣalāḥ al-Dīn, including a reproduction, almost in its entirety of the biography of Ṣalāḥ al-Dīn by Ibn Abī Taiyʻ--cf. Encyclopaedia of Islam.</subfield>
  </datafield>
  <datafield tag="600" ind1="0" ind2="0">
    <subfield code="a">Saladin,</subfield>
    <subfield code="c">Sultan of Egypt and Syria,</subfield>
    <subfield code="d">1137-1193.</subfield>
  </datafield>
  <datafield tag="600" ind1="0" ind2="0">
    <subfield code="a">Nūr al-Dīn,</subfield>
    <subfield code="c">Atabeg of Syria,</subfield>
    <subfield code="d">1118-1174.</subfield>
  </datafield>
  <datafield tag="650" ind1=" " ind2="0">
    <subfield code="a">Crusades</subfield>
    <subfield code="v">Sources</subfield>
    <subfield code="v">Early works to 1800.</subfield>
  </datafield>
  <datafield tag="700" ind1="0" ind2=" ">
    <subfield code="a">Ibn Abī Ṭayyʻ.</subfield>
  </datafield>
  <datafield tag="955" ind1=" " ind2=" ">
    <subfield code="b">CU58926860</subfield>
    <subfield code="d">off,glx</subfield>
    <subfield code="e">893.718 Ab92</subfield>
  </datafield>
</record>
</collection>